<?xml version="1.0" encoding="UTF-8"?><collection xmlns="http://www.loc.gov/MARC21/slim"><record><leader>00341nam--2200133-i-4500</leader><controlfield tag="001">000039770</controlfield><controlfield tag="002">20161230</controlfield><controlfield tag="005">20161230201042</controlfield><controlfield tag="008">060222s1000------------r-----000-0-eng-d</controlfield><datafield ind1=" " ind2=" " tag="100"><subfield code="a">Rozenberg,Jean</subfield></datafield><datafield ind1=" " ind2=" " tag="245"><subfield code="a">Separatiion photochimique des isotopes</subfield></datafield><datafield ind1=" " ind2=" " tag="260"><subfield code="a">Gif-sur-yvette,Cea,1965. 12 P</subfield></datafield><datafield ind1=" " ind2=" " tag="490"><subfield code="a">Serie Bibliographies</subfield></datafield><datafield ind1=" " ind2=" " tag="852"><subfield code="a">D.1021</subfield></datafield></record></collection>